[gd_scene load_steps=5 format=2]

[ext_resource path="res://ui/buttons/ChangeSceneButton.tscn" type="PackedScene" id=1]
[ext_resource path="res://auth/Login.gd" type="Script" id=2]
[ext_resource path="res://theme/ui_theme.tres" type="Theme" id=3]
[ext_resource path="res://auth/screen_bg.png" type="Texture" id=4]

[node name="Login" type="TextureRect"]
anchor_right = 1.0
anchor_bottom = 1.0
theme = ExtResource( 3 )
texture = ExtResource( 4 )
expand = true
script = ExtResource( 2 )
__meta__ = {
"_edit_use_anchors_": false
}

[node name="BackButton" parent="." instance=ExtResource( 1 )]
margin_left = 32.0
margin_top = 24.0
margin_right = 160.0
margin_bottom = 74.0
text = "Indietro"
next_scene_path = "res://screens/MainScreen.tscn"

[node name="FormContainer" type="VBoxContainer" parent="."]
anchor_left = 0.5
anchor_top = 0.5
anchor_right = 0.5
anchor_bottom = 0.5
margin_left = -448.0
margin_top = -220.0
margin_right = 448.0
margin_bottom = 276.0
__meta__ = {
"_edit_use_anchors_": false
}

[node name="Label" type="Label" parent="FormContainer"]
margin_right = 896.0
margin_bottom = 126.0
rect_min_size = Vector2( 0, 50 )
size_flags_horizontal = 3
size_flags_vertical = 3
text = "Accedi"
align = 1
valign = 1

[node name="UsernameContainer" type="HBoxContainer" parent="FormContainer"]
margin_left = 186.0
margin_top = 130.0
margin_right = 709.0
margin_bottom = 257.0
size_flags_horizontal = 4
size_flags_vertical = 3

[node name="Label" type="Label" parent="FormContainer/UsernameContainer"]
margin_right = 223.0
margin_bottom = 127.0
rect_min_size = Vector2( 223, 50 )
size_flags_horizontal = 3
size_flags_vertical = 1
text = "Nome utente:"
align = 1

[node name="Username" type="LineEdit" parent="FormContainer/UsernameContainer"]
margin_left = 227.0
margin_right = 523.0
margin_bottom = 44.0
rect_min_size = Vector2( 296, 44 )
size_flags_horizontal = 3
size_flags_vertical = 0

[node name="PasswordContainer" type="HBoxContainer" parent="FormContainer"]
margin_left = 186.0
margin_top = 261.0
margin_right = 709.0
margin_bottom = 387.0
size_flags_horizontal = 4
size_flags_vertical = 3

[node name="Label" type="Label" parent="FormContainer/PasswordContainer"]
margin_right = 223.0
margin_bottom = 126.0
rect_min_size = Vector2( 223, 50 )
size_flags_horizontal = 3
size_flags_vertical = 1
text = "Password:
"
align = 1

[node name="Password" type="LineEdit" parent="FormContainer/PasswordContainer"]
margin_left = 227.0
margin_right = 523.0
margin_bottom = 44.0
rect_min_size = Vector2( 296, 44 )
size_flags_horizontal = 3
size_flags_vertical = 0
secret = true

[node name="LinkButton" type="LinkButton" parent="FormContainer"]
visible = false
margin_left = 262.0
margin_top = 294.0
margin_right = 633.0
margin_bottom = 388.0
size_flags_horizontal = 4
size_flags_vertical = 3
text = "Hai dimenticato la password?"

[node name="RememberMeCheckBox" type="CheckBox" parent="FormContainer"]
margin_left = 286.0
margin_top = 391.0
margin_right = 610.0
margin_bottom = 441.0
rect_min_size = Vector2( 300, 50 )
size_flags_horizontal = 4
text = "Ricordami per 30 giorni"

[node name="ErrorMessage" type="Label" parent="FormContainer"]
visible = false
margin_top = 348.0
margin_right = 896.0
margin_bottom = 442.0
size_flags_horizontal = 5
size_flags_vertical = 3
autowrap = true

[node name="LoginButton" type="Button" parent="FormContainer"]
margin_left = 298.0
margin_top = 445.0
margin_right = 598.0
margin_bottom = 495.0
rect_min_size = Vector2( 300, 50 )
size_flags_horizontal = 4
text = "Accedi"

[node name="ProcessingLabel" type="Label" parent="FormContainer"]
visible = false
margin_left = 328.0
margin_top = 402.0
margin_right = 567.0
margin_bottom = 496.0
size_flags_horizontal = 4
size_flags_vertical = 3
text = "Attendi..."

[connection signal="pressed" from="FormContainer/LinkButton" to="." method="_on_LinkButton_pressed"]
[connection signal="toggled" from="FormContainer/RememberMeCheckBox" to="." method="_on_RememberMeCheckBox_toggled"]
[connection signal="pressed" from="FormContainer/LoginButton" to="." method="_on_LoginButton_pressed"]
