[gd_scene load_steps=6 format=2]

[ext_resource path="res://screens/EndScreen.gd" type="Script" id=1]
[ext_resource path="res://screens/screen_bg.png" type="Texture" id=2]
[ext_resource path="res://ui/buttons/RetryButton.tscn" type="PackedScene" id=3]
[ext_resource path="res://ui/buttons/QuitButton.tscn" type="PackedScene" id=4]
[ext_resource path="res://theme/ui_theme.tres" type="Theme" id=5]

[node name="EndScreen" type="Control"]
anchor_right = 1.0
anchor_bottom = 1.0
theme = ExtResource( 5 )
script = ExtResource( 1 )
__meta__ = {
"_edit_use_anchors_": false
}

[node name="Background" type="TextureRect" parent="."]
anchor_right = 1.0
anchor_bottom = 1.0
texture = ExtResource( 2 )
expand = true
stretch_mode = 1
__meta__ = {
"_edit_use_anchors_": false
}

[node name="Title" type="Label" parent="."]
anchor_left = 0.5
anchor_right = 0.5
margin_left = -256.0
margin_right = 256.0
margin_bottom = 88.0
custom_colors/font_color = Color( 0, 0, 0, 1 )
text = "Fine del quiz"
align = 1
valign = 1
__meta__ = {
"_edit_use_anchors_": false
}

[node name="Results" type="VBoxContainer" parent="."]
anchor_left = 0.5
anchor_top = 0.5
anchor_right = 0.5
anchor_bottom = 0.5
margin_left = -384.0
margin_top = -220.0
margin_right = 384.0
margin_bottom = 124.0
__meta__ = {
"_edit_use_anchors_": false
}

[node name="LocalPlayerResult" type="Label" parent="Results"]
margin_right = 768.0
margin_bottom = 34.0
size_flags_horizontal = 9
size_flags_vertical = 8
custom_colors/font_color = Color( 0, 0, 0, 1 )
text = "Il tuo punteggio finale è %s."
align = 1
valign = 1
__meta__ = {
"_edit_use_anchors_": false
}

[node name="OtherPlayersResults" type="VBoxContainer" parent="Results"]
visible = false
margin_top = 38.0
margin_right = 768.0
margin_bottom = 344.0
size_flags_horizontal = 3
size_flags_vertical = 3

[node name="Label" type="Label" parent="Results/OtherPlayersResults"]
margin_right = 768.0
margin_bottom = 34.0
text = "Classifica:"
align = 1

[node name="Menu" type="VBoxContainer" parent="."]
anchor_left = 0.5
anchor_top = 1.0
anchor_right = 0.5
anchor_bottom = 1.0
margin_left = -192.0
margin_top = -160.0
margin_right = 192.0
margin_bottom = -64.0
__meta__ = {
"_edit_use_anchors_": false
}

[node name="NewGameButton" parent="Menu" instance=ExtResource( 3 )]
anchor_right = 0.0
anchor_bottom = 0.0
margin_right = 384.0
margin_bottom = 50.0
size_flags_horizontal = 3
text = "Torna alla schermata iniziale"
next_scene_path = "res://screens/MainScreen.tscn"

[node name="QuitButton" parent="Menu" instance=ExtResource( 4 )]
margin_top = 54.0
margin_bottom = 104.0
rect_min_size = Vector2( 0, 50 )
size_flags_vertical = 1
