[gd_scene load_steps=7 format=2]

[ext_resource path="res://ui/labels/Title.tscn" type="PackedScene" id=1]
[ext_resource path="res://ui/buttons/ChangeSceneButton.tscn" type="PackedScene" id=2]
[ext_resource path="res://ui/buttons/QuitButton.tscn" type="PackedScene" id=3]
[ext_resource path="res://screens/screen_bg.png" type="Texture" id=4]
[ext_resource path="res://theme/ui_theme.tres" type="Theme" id=5]
[ext_resource path="res://screens/MainScreen.gd" type="Script" id=6]

[node name="MainScreen" type="Control"]
anchor_right = 1.0
anchor_bottom = 1.0
theme = ExtResource( 5 )
script = ExtResource( 6 )
__meta__ = {
"_edit_use_anchors_": false
}

[node name="Background" type="TextureRect" parent="."]
anchor_right = 1.0
anchor_bottom = 1.0
texture = ExtResource( 4 )
expand = true
stretch_mode = 1
__meta__ = {
"_edit_use_anchors_": false
}

[node name="Title" parent="." instance=ExtResource( 1 )]
text = "Multiplayer Quiz Game"

[node name="WelcomeUserText" type="Label" parent="."]
visible = false
anchor_left = 0.5
anchor_right = 0.5
margin_left = -200.0
margin_top = 96.0
margin_right = 200.0
margin_bottom = 136.0
align = 1
valign = 1
__meta__ = {
"_edit_use_anchors_": false
}

[node name="ProcessingLabel" type="Label" parent="."]
visible = false
anchor_left = 0.5
anchor_right = 0.5
margin_left = -120.0
margin_top = 184.0
margin_right = 120.0
margin_bottom = 218.0
text = "Cercando un quiz..."
align = 1

[node name="AuthMenu" type="VBoxContainer" parent="."]
anchor_left = 0.5
anchor_top = 0.5
anchor_right = 0.5
anchor_bottom = 0.5
margin_left = -208.0
margin_top = -44.0
margin_right = 216.0
margin_bottom = 76.0
__meta__ = {
"_edit_use_anchors_": false
}

[node name="RegisterButton" parent="AuthMenu" instance=ExtResource( 2 )]
margin_right = 424.0
margin_bottom = 58.0
text = "Crea un account"
next_scene_path = "res://auth/Register.tscn"

[node name="LogInButton" parent="AuthMenu" instance=ExtResource( 2 )]
margin_top = 62.0
margin_right = 424.0
margin_bottom = 120.0
text = "Accedi al tuo account"
next_scene_path = "res://auth/Login.tscn"

[node name="PlayMenu" type="VBoxContainer" parent="."]
visible = false
anchor_left = 0.5
anchor_top = 0.5
anchor_right = 0.5
anchor_bottom = 0.5
margin_left = -208.0
margin_top = -44.0
margin_right = 216.0
margin_bottom = 160.0
__meta__ = {
"_edit_use_anchors_": false
}

[node name="SinglePlayerModeButton" type="Button" parent="PlayMenu"]
margin_right = 424.0
margin_bottom = 44.0
size_flags_horizontal = 3
text = "Gioca"

[node name="QuizSectionButton" parent="PlayMenu" instance=ExtResource( 2 )]
margin_top = 48.0
margin_right = 424.0
margin_bottom = 98.0
text = "Gestisci quiz"
next_scene_path = "res://screens/UserQuizzesScreen.tscn"

[node name="MultiplayerModeButton" type="Button" parent="PlayMenu"]
margin_top = 102.0
margin_right = 424.0
margin_bottom = 146.0
size_flags_horizontal = 3
text = "Avvia una partita multiplayer"

[node name="JoinServerButton" parent="PlayMenu" instance=ExtResource( 2 )]
margin_top = 150.0
margin_right = 424.0
margin_bottom = 200.0
size_flags_vertical = 1
text = "Unisciti ad una partita"
next_scene_path = "res://screens/JoinServerScreen.tscn"

[node name="LeaderboardButton" parent="PlayMenu" instance=ExtResource( 2 )]
margin_top = 204.0
margin_right = 424.0
margin_bottom = 254.0
size_flags_vertical = 1
text = "Classifica"
next_scene_path = "res://scores/Leaderboard.tscn"

[node name="LogOutButton" type="Button" parent="."]
visible = false
anchor_left = 1.0
anchor_top = 1.0
anchor_right = 1.0
anchor_bottom = 1.0
margin_left = -168.0
margin_top = -80.0
margin_right = -24.0
margin_bottom = -36.0
text = "Logout"
__meta__ = {
"_edit_use_anchors_": false
}

[node name="QuitButton" parent="." instance=ExtResource( 3 )]
anchor_left = 0.5
anchor_top = 1.0
anchor_right = 0.5
anchor_bottom = 1.0
margin_left = -208.0
margin_top = -80.0
margin_right = 216.0
margin_bottom = -36.0

[connection signal="button_up" from="PlayMenu/SinglePlayerModeButton" to="." method="_on_SinglePlayerModeButton_button_up"]
[connection signal="button_up" from="PlayMenu/MultiplayerModeButton" to="." method="_on_MultiplayerModeButton_button_up"]
[connection signal="button_up" from="LogOutButton" to="." method="_on_LogOutButton_button_up"]
